@book{book:maven-cookbook,
    author  = {Srirangan},
    title   = {Apache Maven 3 Cookbook},
    publisher = {Packt Publishing, Ltd.},
    year    = {2011}
}

@book{book:maven-reference,
    author  = {J. van Zyl, B. Fox, J. Casey, B. Snyder, T. O'Brien, E. Redmond},
    title   = {Maven: The Definitive Guide},
    publisher = {O'Reilly Media, Inc.},
    year    = {2008}
}

@book{book:jenkins-cookbook,
    author  = {Alan Mark Berg},
    title   = {Jenkins Continuous Integration Cookbook},
    publisher = {Packt Publishing, Ltd.},
    year    = {2008}
}

@book{book:jenkins-definitive,
    author  = {John Ferguson Smart},
    title   = {Jenkins The Definitive Guide},
    publisher = {O'Reilly Media, Inc.},
    year    = {2011}
}

@online{site:agile-manifesto,
    title   = {Manifesto Agile},
    url     = {http://agilemanifesto.org/iso/it/}
}

@online{site:best-practice-for-dockerfile,
    title   = {Best Practice For Writing Dockerfile},
    url     = {https://docs.docker.com/engine/userguide/eng-image/dockerfile_best-practices/}
}

@online{site:disk-usage-plugin,
    title   = {Jenkins Disk Usage Plugin},
    url     = {https://plugins.jenkins.io/disk-usage}
}

@online{site:docker-command-for-cli,
    title   = {Docker Commands},
    url     = {https://docs.docker.com/engine/reference/commandline/docker/}
}

@online{site:docker-development-best-practice,
    title   = {Docker Development Best Practice},
    url     = {https://docs.docker.com/develop/dev-best-practices/}
}

@online{site:docker-networking,
    title   = {Docker Networking},
    url     = {https://docs.docker.com/engine/userguide/networking/}
}

@online{site:dockerize-a-ssh-service,
    title   = {Dockerize a SSH service},
    url     = {https://docs.docker.com/engine/examples/running_ssh_service/}
}

@online{site:dockerfile-reference,
    title   = {Dockerfile Reference},
    url     = {https://docs.docker.com/engine/reference/builder/}
}

@online{site:extend-jenkins,
    title   = {Extend Jenkins},
    url     = {https://wiki.jenkins.io/display/JENKINS/Extend+Jenkins}
}

@online{site:troubleshoot-jnlp,
    title   = {How to troubleshoot JNLP slaves connection issues with Jenkins?},
    url     = {https://support.cloudbees.com/hc/en-us/articles/218097237}
}

@online{site:introduction-to-the-pom,
    title   = {Introduction To The POM},
    url     = {https://maven.apache.org/guides/introduction/introduction-to-the-pom.html}
}

@online{site:introduction-to-the-build-lifecycle,
    title   = {Introduction To The Build Lifecycle},
    url     = {https://maven.apache.org/guides/introduction/introduction-to-the-lifecycle.html}
}

@online{site:jenkins-distributed-builds,
    title   = {Jenkins Distributed Builds},
    url     = {https://wiki.jenkins.io/display/JENKINS/Distributed+builds}
}

@online{site:jenkins-system-administration,
    title   = {Jenkins System Administration},
    url     = {https://jenkins.io/doc/book/system-administration/}
}

@online{site:jenkins-plugin-tutorial,
    title   = {Jenkins Plugin Getting Started},
    url     = {https://wiki.jenkins.io/display/JENKINS/Plugin+tutorial}
}

@online{site:jenkins-plugin-structure,
    title   = {Plugin Structure},
    url     = {https://wiki.jenkins.io/display/JENKINS/Plugin+Structure}
}

@online{site:maven-getiting-started-guide,
    title   = {Maven Getting Started Guide},
    url     = {https://maven.apache.org/guides/getting-started/index.html}
}

@online{site:maven-settings-reference,
    title   = {Maven Settings Reference},
    url     = {https://maven.apache.org/settings.html}
}

@online{site:metrics-plugin,
    title   = {Jenkins Metrics Plugin},
    url     = {https://wiki.jenkins.io/display/JENKINS/Metrics+Plugin}
}

@online{site:monitoring-plugin,
    title   = {Jenkins Monitoring Plugin},
    url     = {https://wiki.jenkins.io/display/JENKINS/Monitoring}
}

@online{site:plugin-usage-plugin,
    title   = {Jenkins Plugin Usage Plugin},
    url     = {https://wiki.jenkins.io/pages/viewpage.action?pageId=73532011}
}

@online{site:tomcat-minimalistic,
    title   = {Tomcat - A Minimalistic User's Guide},
    url     = {https://tomcat.apache.org/tomcat-3.2-doc/uguide/tomcat_ug.html}
}

@online{site:what-is-a-container,
    title   = {What is a Container?},
    url     = {https://www.docker.com/what-container}
}

@online{site:understanding-docker-volumes,
    author  = {Adrian Mouat},
    title   = {Understanding Docker Volumes - Container Solutions},
    url     = {https://www.cloudbees.com/blog/what-devops}
}

@online{site:understanding-permissions-in-docker,
    author  = {Marc Campbell},
    title   = {Understanding permissions in Docker containers - Medium.com},
    url     = {https://www.cloudbees.com/blog/what-devops}
}

@online{site:what-is-devops,
    title   = {What is Devops?},
    url     = {https://www.cloudbees.com/blog/what-devops}
}